@online{bbc_binarysearch,
  author = {{BBC Bitesize}},
  title  = {Binary search},
  year   = {n.d.},
  url    = {https://www.bbc.co.uk/bitesize/guides/zts8v9q/revision/5},
  note   = {Accessed: 23 September 2025}
}